@MISC {4846976,
    TITLE = {Variance of weighted random permutations},
    AUTHOR = {joriki (https://math.stackexchange.com/users/6622/joriki)},
    HOWPUBLISHED = {Mathematics Stack Exchange},
    NOTE = {URL:https://math.stackexchange.com/q/4846976 (version: 2024-01-18)},
    EPRINT = {https://math.stackexchange.com/q/4846976},
    URL = {https://math.stackexchange.com/q/4846976}
}
